{
  "2022-Q1": {
    "Company": "DIPD.N0000",
    "URL": "https://cdn.cse.lk/cmt/upload_report_file/670_1652953354945.pdf",
    "Year": 2022,
    "Quarter": 1,
    "Revenue": 46386667000.0,
    "Cost of Goods Sold": 44561333000.0,
    "Gross Profit": 10732650000.0,
    "Operating Income": 7596775000.0,
    "Operating Expenses": 6206450000.0,
    "Net Income": 6077420000.0
  },
  "2022-Q2": {
    "Company": "DIPD.N0000",
    "URL": "https://cdn.cse.lk/cmt/upload_report_file/670_1660039239762.pdf",
    "Year": 2022,
    "Quarter": 2,
    "Revenue": 25093099000.0,
    "Cost of Goods Sold": 15374560000.0,
    "Gross Profit": 5355916000.0,
    "Operating Income": 5012432000.0,
    "Operating Expenses": 2253288000.0,
    "Net Income": 4009945600.0
  },
  "2022-Q3": {
    "Company": "DIPD.N0000",
    "URL": "https://cdn.cse.lk/cmt/upload_report_file/670_1668050502417.pdf",
    "Year": 2022,
    "Quarter": 3,
    "Revenue": 30013255000.0,
    "Cost of Goods Sold": 31989523000.0,
    "Gross Profit": 10004535000.0,
    "Operating Income": 7247342000.0,
    "Operating Expenses": 4837685000.0,
    "Net Income": 5797873600.0
  },
  "2022-Q4": {
    "Company": "DIPD.N0000",
    "URL": "https://cdn.cse.lk/cmt/upload_report_file/670_1676281778649.pdf",
    "Year": 2022,
    "Quarter": 4,
    "Revenue": 26232536000.0,
    "Cost of Goods Sold": 47318492000.0,
    "Gross Profit": 14262521000.0,
    "Operating Income": 8835827000.0,
    "Operating Expenses": 7705312000.0,
    "Net Income": 7068661600.0
  },
  "2023-Q1": {
    "Company": "DIPD.N0000",
    "URL": "https://cdn.cse.lk/cmt/upload_report_file/670_1684465615363.pdf",
    "Year": 2023,
    "Quarter": 1,
    "Revenue": 55293983000.0,
    "Cost of Goods Sold": 60490240000.0,
    "Gross Profit": 19609071000.0,
    "Operating Income": 11218691000.0,
    "Operating Expenses": 10747691000.0,
    "Net Income": 8974952800.0
  },
  "2023-Q2": {
    "Company": "DIPD.N0000",
    "URL": "https://cdn.cse.lk/cmt/upload_report_file/670_1691572631009.pdf",
    "Year": 2023,
    "Quarter": 2,
    "Revenue": 25450442000.0,
    "Cost of Goods Sold": 15084368000.0,
    "Gross Profit": 3466844000.0,
    "Operating Income": 1262435000.0,
    "Operating Expenses": 2310752000.0,
    "Net Income": 1009948000.0
  },
  "2023-Q3": {
    "Company": "DIPD.N0000",
    "URL": "https://cdn.cse.lk/cmt/upload_report_file/670_1699524291151.pdf",
    "Year": 2023,
    "Quarter": 3,
    "Revenue": 41994058000.0,
    "Cost of Goods Sold": 29123404000.0,
    "Gross Profit": 7700781000.0,
    "Operating Income": 2943756000.0,
    "Net Income": 1863113000.0,
    "Operating Expenses": 5163283000.0
  },
  "2023-Q4": {
    "Company": "DIPD.N0000",
    "URL": "https://cdn.cse.lk/cmt/upload_report_file/670_1707731795368.pdf",
    "Year": 2023,
    "Quarter": 4,
    "Revenue": 61581013000.0,
    "Cost of Goods Sold": 43299386000.0,
    "Gross Profit": 11566520000.0,
    "Operating Income": 4297780000.0,
    "Net Income": 2779338000.0,
    "Operating Expenses": 7802012000.0
  },
  "2024-Q1": {
    "Company": "DIPD.N0000",
    "URL": "https://cdn.cse.lk/cmt/upload_report_file/670_1715853221401.03.2024.pdf",
    "Year": 2024,
    "Quarter": 1,
    "Revenue": 80099312000.0,
    "Cost of Goods Sold": 56882914000.0,
    "Gross Profit": 17059046000.0,
    "Operating Income": 7567448000.0,
    "Net Income": 5737977000.0,
    "Operating Expenses": 10149466000.0
  },
  "2024-Q2": {
    "Company": "DIPD.N0000",
    "URL": "https://cdn.cse.lk/cmt/upload_report_file/670_1723086100776.06.2024.pdf",
    "Year": 2024,
    "Quarter": 2,
    "Revenue": 28156437000.0,
    "Cost of Goods Sold": 15665738000.0,
    "Gross Profit": 3520588000.0,
    "Operating Income": 1203475000.0,
    "Net Income": 812512000.0,
    "Operating Expenses": 2598062000.0
  },
  "2024-Q3": {
    "Company": "DIPD.N0000",
    "URL": "https://cdn.cse.lk/cmt/upload_report_file/670_1731321532619.pdf",
    "Year": 2024,
    "Quarter": 3,
    "Revenue": 36824185000.0,
    "Cost of Goods Sold": 32303881000.0,
    "Gross Profit": 8159588000.0,
    "Operating Income": 3028284000.0,
    "Net Income": 2119244000.0,
    "Operating Expenses": 5222414000.0
  },
  "2024-Q4": {
    "Company": "DIPD.N0000",
    "URL": "https://cdn.cse.lk/cmt/upload_report_file/670_1739179170721.12.2024.pdf",
    "Year": 2024,
    "Quarter": 4,
    "Revenue": 54865906000.0,
    "Cost of Goods Sold": 47818315000.0,
    "Gross Profit": 11988421000.0,
    "Operating Income": 4428187000.0,
    "Net Income": 3276732000.0,
    "Operating Expenses": 8082710000.0
  }
}