{
  "2022-Q4": {
    "Company": "REXP.N0000",
    "URL": "https://cdn.cse.lk/cmt/upload_report_file/771_1653995188360.pdf",
    "Year": 2022,
    "Quarter": 4,
    "Revenue": 1604137.0,
    "Cost of Goods Sold": 1037979.0,
    "Gross Profit": 566158.0,
    "Operating Expenses": 7938.0,
    "Operating Income": 169189.0,
    "Net Income": 1033224.0
  },
  "2022-Q1": {
    "Company": "REXP.N0000",
    "URL": "https://cdn.cse.lk/cmt/upload_report_file/771_1660564139519.pdf",
    "Year": 2022,
    "Quarter": 1,
    "Revenue": 2767931.0,
    "Cost of Goods Sold": 1735091.0,
    "Gross Profit": 1032840.0,
    "Operating Income": 458611.0,
    "Net Income": 991658.0,
    "Operating Expenses": 574229.0
  },
  "2022-Q2": {
    "Company": "REXP.N0000",
    "URL": "https://cdn.cse.lk/cmt/upload_report_file/771_1668418805462.pdf",
    "Year": 2022,
    "Quarter": 2,
    "Revenue": 2661097.0,
    "Cost of Goods Sold": 1979877.0,
    "Gross Profit": 681220.0,
    "Operating Income": 217655.0,
    "Net Income": 250220.0,
    "Operating Expenses": 463565.0
  },
  "2022-Q3": {
    "Company": "REXP.N0000",
    "URL": "https://cdn.cse.lk/cmt/upload_report_file/771_1676454189961.pdf",
    "Year": 2022,
    "Quarter": 3,
    "Revenue": 1909048.0,
    "Cost of Goods Sold": 1487153.0,
    "Gross Profit": 421895.0,
    "Operating Income": 11502.0,
    "Net Income": 52543.0,
    "Operating Expenses": 410393.0
  },
  "2023-Q4": {
    "Company": "REXP.N0000",
    "URL": "https://cdn.cse.lk/cmt/upload_report_file/771_1685527094110.pdf",
    "Year": 2023,
    "Quarter": 4,
    "Revenue": 1702720.0,
    "Cost of Goods Sold": 1234766.0,
    "Gross Profit": 467954.0,
    "Operating Income": 19939.0,
    "Net Income": 10744.0,
    "Operating Expenses": 448015.0
  },
  "2023-Q1": {
    "Company": "REXP.N0000",
    "URL": "https://cdn.cse.lk/cmt/upload_report_file/771_1692091050740.pdf",
    "Year": 2023,
    "Quarter": 1,
    "Revenue": 1474458.0,
    "Cost of Goods Sold": 1275967.0,
    "Gross Profit": 198491.0,
    "Net Income": 20480.0,
    "Operating Expenses": 119094.59999999999,
    "Operating Income": 79396.40000000001
  },
  "2023-Q2": {
    "Company": "REXP.N0000",
    "URL": "https://cdn.cse.lk/cmt/upload_report_file/771_1700049312897.pdf",
    "Year": 2023,
    "Quarter": 2,
    "Revenue": 2069984.0,
    "Cost of Goods Sold": 1661929.0,
    "Gross Profit": 408055.0,
    "Net Income": 83650.0,
    "Operating Expenses": 244833.0,
    "Operating Income": 163222.0
  },
  "2023-Q3": {
    "Company": "REXP.N0000",
    "URL": "https://cdn.cse.lk/cmt/upload_report_file/771_1707996295121.pdf",
    "Year": 2023,
    "Quarter": 3,
    "Revenue": 2089873.0,
    "Cost of Goods Sold": 1670217.0,
    "Gross Profit": 419656.0,
    "Net Income": 74245.0,
    "Operating Expenses": 251793.59999999998,
    "Operating Income": 167862.40000000002
  },
  "2024-Q4": {
    "Company": "REXP.N0000",
    "URL": "https://cdn.cse.lk/cmt/upload_report_file/771_1717164700029.pdf",
    "Year": 2024,
    "Quarter": 4,
    "Revenue": 1486128.0,
    "Cost of Goods Sold": 1123186.0,
    "Gross Profit": 362942.0,
    "Operating Expenses": 217765.19999999998,
    "Operating Income": 145176.80000000002,
    "Net Income": 116141.44000000002
  },
  "2024-Q1": {
    "Company": "REXP.N0000",
    "URL": "https://cdn.cse.lk/cmt/upload_report_file/771_1722423990922.pdf",
    "Year": 2024,
    "Quarter": 1,
    "Revenue": 1682540.0,
    "Cost of Goods Sold": 1439393.0,
    "Gross Profit": 243147.0,
    "Net Income": 14640.0,
    "Operating Expenses": 145888.19999999998,
    "Operating Income": 97258.8
  },
  "2024-Q2": {
    "Company": "REXP.N0000",
    "URL": "https://cdn.cse.lk/cmt/upload_report_file/771_1730893408597.pdf",
    "Year": 2024,
    "Quarter": 2,
    "Revenue": 2139733.0,
    "Cost of Goods Sold": 1707131.0,
    "Gross Profit": 432602.0,
    "Net Income": 63605.0,
    "Operating Expenses": 259561.19999999998,
    "Operating Income": 173040.80000000002
  },
  "2024-Q3": {
    "Company": "REXP.N0000",
    "URL": "https://cdn.cse.lk/cmt/upload_report_file/771_1739185871059.pdf",
    "Year": 2024,
    "Quarter": 3,
    "Revenue": 1941892.0,
    "Cost of Goods Sold": 1607594.0,
    "Gross Profit": 334298.0,
    "Net Income": 38504.0,
    "Operating Expenses": 200578.8,
    "Operating Income": 133719.2
  }
}